@article{bedioui1996cmm,
	title = {Chemically modified microelectrodes designed for the electrochemical determination of nitric oxide in biological systems},
	author = {Bedioui, F. and Trevin, S. and Devynck, J.},
	journal = {Electroanalysis},
	volume = {8},
	number = {12},
	year = {1996},
	publisher = {VCH Verlagsgesellschaft mbH Weinheim}
}

@article{bicker2005sag,
	title = {STOP and GO with NO: nitric oxide as a regulator of cell motility in simple brains},
	author = {Bicker, G.},
	journal = {Bioessays},
	volume = {27},
	number = {5},
	year = {2005},
	publisher = {Wiley Subscription Services, Inc., A Wiley Company Hoboken}
}

@article{bulotta2005css,
	title = {A cellular system to study the role of nitric oxide in cell death, survival, and migration},
	author = {Bulotta, S. and Perrotta, C. and Cerullo, A. and De Palma, C. and Clementi, E. and Borgese, N.},
	journal = {Neurotoxicology},
	volume = {26},
	number = {5},
	pages = {841--845},
	year = {2005},
	publisher = {Elsevier}
}

@article{contestabile2004rno,
	title = {Role of nitric oxide in the regulation of neuronal proliferation, survival and differentiation},
	author = {Contestabile, A. and Ciani, E.},
	journal = {Neurochemistry international},
	volume = {45},
	number = {6},
	pages = {903--914},
	year = {2004},
	publisher = {Elsevier}
}

@article{duff1994eps,
	title = {Effect of probe size on the concentration of brain extracellular uric acid monitored with carbon paste electrodes},
	author = {Duff, A. and O'Neill, R.D.},
	journal = {Journal of neurochemistry},
	volume = {62},
	number = {4},
	pages = {1496--1502},
	year = {1994},
	publisher = {Blackwell Publishing Ltd}
}

@conference{frey2003dip,
	title = {Design of an integrated potentiostat circuit for CMOS bio sensor chips},
	author = {Frey, A. and Jenkner, M. and Schienle, M. and Paulus, C. and Holzapfl, B. and Schindler-Bauer, P. and Hofmann, F. and Kuhlmeier, D. and Krause, J. and Albers, J. and others},
	booktitle = {Circuits and Systems, 2003. ISCAS'03. Proceedings of the 2003 International Symposium on},
	volume = {5},
	year = {2003}
}

@article{george2001fsp,
	title = {Fabrication of screen-printed carbon electrode arrays for sensing neuronal messengers},
	author = {George, P.M. and Muthuswamy, J. and Currie, J. and Thakor, N.V. and Paranjape, M.},
	journal = {Biomedical Microdevices},
	volume = {3},
	number = {4},
	pages = {307--313},
	year = {2001},
	publisher = {Springer}
}

@article{gurdon2001mgi,
	title = {Morphogen gradient interpretation},
	author = {Gurdon, JB and Bourillot, P.Y.},
	journal = {Nature},
	volume = {413},
	number = {6858},
	pages = {797--803},
	year = {2001},
	publisher = {Nature Publishing Group}
}

@article{hafez2005eif,
	title = {Electrochemical imaging of fusion pore openings by electrochemical detector arrays},
	author = {Hafez, I. and Kisler, K. and Berberian, K. and Dernick, G. and Valero, V. and Yong, M.G. and Craighead, H.G. and Lindau, M.},
	journal = {Proceedings of the National Academy of Sciences},
	volume = {102},
	number = {39},
	pages = {13879--13884},
	year = {2005},
	publisher = {National Acad Sciences}
}

@article{hassibi2006pmuc,
	title = {A Programmable 0.18-$\mu$m CMOS Electrochemical Sensor Microarray for Biomolecular Detection},
	author = {Hassibi, A. and Lee, TH},
	journal = {IEEE Sensors Journal},
	volume = {6},
	number = {6},
	pages = {1380--1388},
	year = {2006}
}

@article{iwasaki1995emi,
	title = {Electrochemical measurements with interdigitated array microelectrodes},
	author = {Iwasaki, Y. and Morita, M.},
	journal = {Current Separations},
	volume = {14},
	number = {1},
	pages = {3},
	year = {1995}
}

@mastersthesis{karegar2007ema,
	author = {Anita Karegar},
	title = {Electrochemical, Multi-Analyte Biosensor Array for Neurotransmitter Detection},
	school = {Colorado State University},
	year = {2007}
}

@article{kim2003img,
	title = {Integrated Microdisk Gold Electrode Modified with Metal-porphyrin and Metal-phthalocyanines for Nitric Oxide Determination in Biological Media},
	author = {Kim, I.K. and Bae, H.O. and Oh, G.S. and Chung, H.T. and Kim, Y.J. and Chun, H.J.},
	journal = {BULLETIN-KOREAN CHEMICAL SOCIETY},
	volume = {24},
	number = {11},
	pages = {1579--1584},
	year = {2003},
	publisher = {Korean Chemical Society}
}

@incollection{kissinger1996fca,
	title = {Fundamental Concepts of Analytical ELectrochemistry},
	author = {Kissinger, P.T. and Preddy, C.R. and Shoup, R.E. and Heineman, W.R.},
	editor = {Kissinger, P.T. and Heineman, W.R.},
	booktitle = {Laboratory Techniques in Electroanalytical Chemistry},
	pages = {11--50},
	year = {1996},
	publisher = {Marcel Deker}
}

@incollection{kissinger1996iai,
	title = {Introduction to analog instrumentation},
	author = {Kissinger, P.T.},
	editor = {Kissinger, P.T. and Heineman, W.R.},
	booktitle = {Laboratory Techniques in Electroanalytical Chemistry},
	pages = {165--194},
	year = {1996},
	publisher = {Marcel Deker}
}

@incollection{kissinger1996sac,
	title = {Small-Amplitude Controlled-Potential Techniques},
	author = {Kissinger, P.T. and Ridgway, T.H.},
	editor = {Kissinger, P.T. and Heineman, W.R.},
	booktitle = {Laboratory Techniques in Electroanalytical Chemistry},
	pages = {141--164},
	year = {1996},
	publisher = {Marcel Deker}
}

@article{mosharok2005aee,
	title = {Analysis of Exocytotic Events Recorded by Amperometry},
	author = {Mosharok, E.V. and Sulzer, D.},
	journal = {Nature Methods},
	volume = {2},
	number = {9},
	pages = {651--658},
	year = {2005}
}

@article{murari2005ipn,
	title = {Integrated potentiostat for neurotransmitter sensing},
	author = {Murari, K. and Stanacevic, M. and Cauwenberghs, G. and Thakor, N.V.},
	journal = {IEEE Engineering in Medicine and Biology Magazine},
	volume = {24},
	number = {6},
	pages = {23--29},
	year = {2005}
}

@conference{naware2003dam,
	title = {Design and microfabrication of a polymer-modified carbon sensor array for the measurement of neurotransmitter signals},
	author = {Naware, M. and Thakor, NV and Orth, RN and Murari, K. and Passeraub, P.},
	booktitle = {Engineering in Medicine and Biology Society, 2003. Proceedings of the 25th Annual International Conference of the IEEE},
	volume = {2},
	year = {2003}
}

@article{santos2008csc,
	title = {A comparative study of carbon fiber-based microelectrodes for the measurement of nitric oxide in brain tissue},
	author = {Santos, R.M. and Louren{\c{c}}o, C.F. and Piedade, A.P. and Andrews, R. and Pomerleau, F. and Huettl, P. and Gerhardt, G.A. and Laranjinha, J. and Barbosa, R.M.},
	journal = {Biosensors and Bioelectronics},
	volume = {24},
	number = {4},
	pages = {704--709},
	year = {2008},
	publisher = {Elsevier}
}

@article{shibuki1990emd,
	title = {An electrochemical microprobe for detecting nitric oxide release in brain tissue.},
	author = {Shibuki, K.},
	journal = {Neuroscience research},
	volume = {9},
	number = {1},
	pages = {69},
	year = {1990}
}

@article{stanacevic2007vpa,
	title = {VLSI potentiostat array with oversampling gain modulation for wide-range neurotransmitter sensing},
	author = {Stanacevic, M. and Murari, K. and Rege, A. and Cauwenberghs, G. and Thakor, N.V.},
	journal = {IEEE Transactions on Biomedical Circuits and Systems},
	volume = {1},
	number = {1},
	pages = {63--72},
	year = {2007}
}

@article{steffan2007scp,
	title = {Single Chip Potentiostat Measurement System},
	author = {Steffan, P. and Vrba, R.},
	journal = {International Federation for Information Processing},
	volume = {245},
	pages = {653},
	year = {2007},
	publisher = {Springer}
}

@article{tobet2003vcm,
	title = {Viewing Cell Movements in the Developing Neuroendocrine Brain 1},
	author = {Tobet, S.A. and Walker, H.J. and Seney, M.L. and Yu, K.W.},
	journal = {Integrative and Comparative Biology},
	volume = {43},
	number = {6},
	pages = {794--801},
	year = {2003},
	publisher = {Soc Integ Comp Biol}
}

@article{wang2005mcn,
	title = {A multiwall carbon nanotubes film-modified carbon fiber ultramicroelectrode for the determination of nitric oxide radical in liver mitochondria},
	author = {Wang, Y. and Li, Q. and Hu, S.},
	journal = {Bioelectrochemistry},
	volume = {65},
	number = {2},
	pages = {135--142},
	year = {2005},
	publisher = {Elsevier}
}

@article{wolpert1996ohy,
	title = {One hundred years of positional information},
	author = {Wolpert, L.},
	journal = {Trends in Genetics},
	volume = {12},
	number = {9},
	pages = {359--364},
	year = {1996},
	publisher = {Elsevier}
}

@article{zhang2002nmn,
	title = {A novel microchip nitric oxide sensor with sub-nM detection limit},
	author = {Zhang, X. and Lin, J. and Cardoso, L. and Broderick, M. and Darley-Usmar, V.},
	journal = {Electroanalysis},
	volume = {14},
	number = {10},
	year = {2002},
	publisher = {WILEY-VCH Verlag GmbH Weinheim}
}

@article{zhang2002nse,
	title = {Nanometer size electrode for nitric oxide and S-nitrosothiols measurement},
	author = {Zhang, X. and Kislyak, Y. and Lin, J. and Dickson, A. and Cardosa, L. and Broderick, M. and Fein, H.},
	journal = {Electrochemistry Communications},
	volume = {4},
	number = {1},
	pages = {11--16},
	year = {2002},
	publisher = {Elsevier}
}

@conference{zhang2005eam,
	title = {Electrochemical array microsystem with integrated potentiostat},
	author = {Zhang, J. and Huang, Y. and Trombly, N. and Yang, C. and Mason, A.},
	booktitle = {IEEE Sensors},
	pages = {4},
	year = {2005}
}
