@article{welch1967uff,
	title={{The use of fast Fourier transform for the estimation of power spectra: A method based on time averaging over short, modified periodograms}},
	author={Welch, P.},
	journal={Audio and Electroacoustics, IEEE Transactions on},
	volume={15},
	number={2},
	pages={70--73},
	year={1967}
}

@article{fabre2000pmf,
	title={{Physical Modeling of Flue Instruments: A Review of Lumped Models}},
	author={Fabre, B. and Hirschberg, A.},
	journal={Acta Acustica united with Acustica},
	volume={86},
	number={4},
	pages={599--610},
	year={2000},
	publisher={Hirzel Verlag}
}
