@book{kissinger,
	author = {P. T. Kissinger and C. R. Preddy and R. E. Shoup and W. R. Heineman},
	title = {Fundamental Concepts of Analytical Electrochemistry},
	in = {Laboratory Techniques in Electroanalytical Chemistry},
	pages = {11--50},
	publisher = {Marcel Deker},
	address = {New York, NY},
	year = 1996
}

@article{amperometry-review,
	author = {E. V. Mosharok and D. Sulzer},
	title = {Analysis of exocytotic events recorded by amperometry},
	journal = {Nature Methods},
	volume = 2,
	number = 9,
	pages = {651--658},
	year = 2005
}

@book{microelectronic-circuits,
	author = {A. S. Sedra and K. C. Smith},
	title = {Microelectronic Circuits},
	publisher = {Oxford University Press},
	address = {New York, NY},
	year = 2004
}
